@ARTICLE{Hetzl2011,
  author = {Stefan Hetzl and Alexander Leitsch and Daniel Weller},
  title = {CERES in Higher-Order Logic},
  journal = {to appear in the Annals of Pure and Applied Logic},
  year = 2011,
  owner = {frain},
  timestamp = {2011.04.08}
}

@BOOK{Baaz2011,
  title = {Methods of Cut-Elimination},
  publisher = {Springer},
  year = {2011},
  author = {Matthias Baaz and Alexander Leitsch},
  volume = {34},
  series = {Trends in Logic},
  file = {:leitsch-methods_of_cut_elimination.pdf:PDF},
  owner = {weller},
  timestamp = {2011.03.25}
}


